<record><leader>00000cas a22000007a 4500</leader><controlfield tag="001">28532533</controlfield><controlfield tag="008">930728d18551855cauwr ne      0    0eng d</controlfield><datafield ind1=" " ind2=" " tag="010"><subfield code="a">sn 93051030 </subfield></datafield><datafield ind1=" " ind2=" " tag="040"><subfield code="a">CUY</subfield><subfield code="b">eng</subfield><subfield code="c">CNK</subfield><subfield code="d">OCL</subfield><subfield code="d">OCLCQ</subfield><subfield code="d">OCLCF</subfield><subfield code="d">OCLCO</subfield></datafield><datafield ind1=" " ind2=" " tag="042"><subfield code="a">msc</subfield></datafield><datafield ind1=" " ind2=" " tag="043"><subfield code="a">n-us-ca</subfield></datafield><datafield ind1="0" ind2=" " tag="130"><subfield code="a">Yreka union (Yreka, Calif. : 1855)</subfield></datafield><datafield ind1="1" ind2="0" tag="245"><subfield code="a">Yreka union.</subfield></datafield><datafield ind1=" " ind2=" " tag="260"><subfield code="a">Yreka, Cal. :</subfield><subfield code="b">J. Tyson</subfield></datafield><datafield ind1=" " ind2=" " tag="300"><subfield code="a">v.</subfield></datafield><datafield ind1=" " ind2=" " tag="310"><subfield code="a">Weekly</subfield></datafield><datafield ind1="1" ind2=" " tag="362"><subfield code="a">Began in 1855; ceased in 1855.</subfield></datafield><datafield ind1=" " ind2=" " tag="588"><subfield code="a">Description based on: Vol. 1, no. 15 (Sept. 29, 1855).</subfield></datafield><datafield ind1=" " ind2="0" tag="651"><subfield code="a">Yreka (Calif.)</subfield><subfield code="v">Newspapers.</subfield></datafield><datafield ind1=" " ind2="7" tag="655"><subfield code="a">Newspapers.</subfield><subfield code="2">fast</subfield><subfield code="0">(OCoLC)fst01423814</subfield></datafield><datafield ind1=" " ind2="7" tag="651"><subfield code="a">California</subfield><subfield code="z">Yreka.</subfield><subfield code="2">fast</subfield><subfield code="0">(OCoLC)fst01215451</subfield></datafield><datafield ind1=" " ind2=" " tag="752"><subfield code="a">United States</subfield><subfield code="b">California</subfield><subfield code="c">Siskiyou</subfield><subfield code="d">Yreka.</subfield></datafield><datafield ind1="0" ind2="0" tag="785"><subfield code="t">Yreka weekly union (Yreka, Calif. : 1855)</subfield><subfield code="w">(DLC)sn 85025218</subfield></datafield></record>